@article{Wang2002,
author = {Wang, Bin and LinHo},
journal = {J. Climate},
pages = {386--398},
title = {{Rainy Season of the Asian-Pacific Summer Monsoon}},
volume = {15},
year = {2002}
}
@article{Day2015,
author = {Day, Jesse A. and Fung, Inez and Risi, Camille},
doi = {10.1175/JCLI-D-14-00393.1},
journal = {J. Clim.},
title = {{Coupling of South and East Asian Monsoon Precipitation in July-August}},
year = {2015}
}
@article{Liu2012a,
author = {Liu, Yimin and Wu, Guoxiong and Hong, Jieli and Dong, Buwen and Duan, Anmin and Bao, Qing and Zhou, Linjiong},
doi = {10.1007/s00382-012-1335-y},
journal = {Clim. Dyn.},
pages = {1183--1195},
title = {{Revisiting Asian monsoon formation and change associated with Tibetan Plateau forcing: II. Change}},
volume = {39},
year = {2012}
}
@article{Hu2015,
author = {Hu, Jun and Duan, Anmin},
doi = {10.1007/s00382-015-2503-7},
journal = {Clim. Dyn.},
title = {{Relative contributions of the Tibetan Plateau thermal forcing and the Indian Ocean Sea surface temperature basin mode to the interannual variability of the East Asian summer monsoon}},
year = {2015}
}
@article{Tian1998,
author = {Tian, Shao-Fen and Yasunari, Tetsuzo},
journal = {J. Meteorol. Soc. Japan},
pages = {57--71},
title = {{Climatological Aspects and Mechanism of Spring Persistent Rains over Central China}},
volume = {76},
year = {1998}
}
@article{Zhou2009,
author = {Zhou, Tianjun and Gong, Daoyi and Li, Jian and Li, Bo},
doi = {10.1127/0941-2948/2009/0396},
journal = {Meteorol. Zeitschrift},
pages = {455--467},
title = {{Detecting and understanding the multi-decadal variability of the East Asian Summer Monsoon - Recent progress and state of affairs}},
volume = {18},
year = {2009}
}
@article{Lei2014,
author = {Lei, Yonghui and Hoskins, Brian and Slingo, Julia},
doi = {10.1007/s00382-013-1726-8},
journal = {Clim. Dyn.},
pages = {417--432},
title = {{Natural variability of summer rainfall over China in HadCM3}},
volume = {42},
year = {2014}
}
@article{Song2014,
author = {Song, Fengfei and Zhou, Tianjun and Qian, Yun},
doi = {10.1002/2013GL058705.Received},
journal = {Geophys. Res. Lett.},
pages = {596--603},
title = {{Responses of East Asian summer monsoon to natural and anthropogenic forcings in the 17 latest CMIP5 models}},
volume = {41},
year = {2014}
}
@article{Yu2010,
author = {Yu, Rucong and Li, Jian and Yuan, Weihua and Chen, Haoming},
doi = {10.1175/2010JCLI3454.1},
journal = {J. Clim.},
pages = {3390--3396},
title = {{Changes in characteristics of late-summer precipitation over eastern China in the past 40 years revealed by hourly precipitation data}},
volume = {23},
year = {2010}
}
@article{Xin2006,
author = {Xin, Xiaoge and Yu, Rucong and Zhou, Tianjun and Wang, Bin},
doi = {10.1175/JCLI3794.1},
journal = {J. Clim.},
pages = {3197--3206},
title = {{Drought in late spring of South China in recent decades}},
volume = {19},
year = {2006}
}
@incollection{Hesterberg2003,
address = {New York},
author = {Hesterberg, Tim and Monaghan, Shaun and Moore, David S and Epstein, Rachel and College, Reed and Rucker, Jeffrey},
booktitle = {The Practice of Business Statistics},
chapter = {18},
edition = {1st},
publisher = {W. H. Freeman and Company},
title = {{Bootstrap Methods and Permutation Tests}},
year = {2003}
}
@book{Good2005,
address = {New York, NY},
author = {Good, Phillip},
edition = {3rd},
publisher = {Springer},
title = {{Permutation, parametric and bootstrap tests of hypotheses}},
year = {2005}
}
@article{Chiang2015,
author = {Chiang, John C.H. and Fung, Inez Y. and Wu, Chi-Hua and Cai, Yanjun and Edman, Jacob P. and Liu, Yuwei and Day, Jesse A. and Bhattacharya, Tripti and Mondal, Yugarshi and Labrousse, Clothilde A.},
doi = {10.1016/j.quascirev.2014.11.009},
journal = {Quat. Sci. Rev.},
pages = {111--129},
title = {{Role of seasonal transitions and westerly jets in East Asian paleoclimate}},
volume = {108},
year = {2015}
}
@book{Holton2004,
author = {Holton, James R.},
edition = {4th},
pages = {269--278},
publisher = {Academic Press},
title = {{An Introduction to Dynamic Meteorology}},
year = {2004}
}
@article{Xu2009,
author = {Xu, Weixin and Zipser, Edward J. and Liu, Chuntao},
doi = {10.1175/2009MWR2982.1},
journal = {Mon. Weather Rev.},
pages = {4261--4275},
title = {{Rainfall Characteristics and Convective Properties of Mei-Yu Precipitation Systems over South China, Taiwan, and the South China Sea. Part I: TRMM Observations}},
volume = {137},
year = {2009}
}
@article{Ge2008,
author = {Ge, QuanSheng and Guo, XiFeng and Zheng, JingYun and Hao, ZhiXin},
doi = {10.1007/s11434-007-0440-5},
journal = {Chinese Sci. Bull.},
pages = {107--114},
title = {{Meiyu in the middle and lower reaches of the Yangtze River since 1736}},
volume = {53},
year = {2008}
}
@incollection{Chen2004,
address = {Singapore},
author = {Chen, George Tai-Jen},
booktitle = {East Asian Monsoon},
editor = {Chang, C.-P.},
pages = {357--403},
publisher = {World Scientific},
title = {{Research on the phenomena of Meiyu during the past quarter century: An overview}},
year = {2004}
}
@article{Bordoni2008,
author = {Bordoni, Simona and Schneider, Tapio},
doi = {10.1038/ngeo248},
journal = {Nat. Geosci.},
pages = {515--519},
title = {{Monsoons as eddy-mediated regime transitions of the tropical overturning circulation}},
volume = {1},
year = {2008}
}
@article{Plumb1992,
author = {Plumb, R. Alan and Hou, Arthur Y.},
journal = {J. Atmos. Sci.},
pages = {1790--1799},
title = {{Response of a Zonally Symmetric Atmosphere to Subtropical Thermal Forcing}},
volume = {49},
year = {1992}
}
@article{Prive2007,
author = {Priv\'{e}, Nikki C. and Plumb, R. Alan},
doi = {10.1175/JAS3916.1},
journal = {J. Atmos. Sci.},
pages = {1417--1430},
title = {{Monsoon Dynamics with Interactive Forcing. Part I: Axisymmetric Studies}},
volume = {64},
year = {2007}
}
@article{Chang2014,
author = {Chang, Eun-Chul and Yeh, Sang-Wook and Hong, Song-You and Kim, Jung-Eun and Wu, Renguang and Kei, Yoshimura},
doi = {10.1002/2013JD020903},
journal = {J. Geophys. Res. Atmos.},
pages = {2279--2293},
title = {{Study on the changes in the East Asian precipitation in the midÄ-1990s using a highÄ-resolution global downscaled atmospheric data set}},
volume = {119},
year = {2014}
}
@article{Qu2012,
author = {Qu, Xia and Huang, Gang},
doi = {10.1002/joc.2378},
journal = {Int. J. Climatol.},
pages = {2073--2080},
title = {{Impacts of tropical Indian Ocean SST on the meridional displacement of East Asian jet in boreal summer}},
volume = {32},
year = {2012}
}
@article{Kosaka2012,
author = {Kosaka, Yu and Chowdary, J. S. and Xie, Shang-Ping and Min, Young-Mi and Lee, June-Yi},
doi = {10.1175/JCLI-D-12-00009.1},
journal = {J. Clim.},
pages = {7574--7589},
title = {{Limitations of Seasonal Predictability for Summer Climate over East Asia and the Northwestern Pacific}},
volume = {25},
year = {2012}
}
@article{Ambrizzi1997,
author = {Ambrizzi, T\'ercio and Hoskins, Brian J.},
journal = {Q. J. R. Meteorol. Soc.},
pages = {919--928},
title = {{Stationary Rossby-Äêwave propagation in a baroclinic atmosphere}},
volume = {123},
year = {1997}
}
@article{Hoskins1993,
author = {Hoskins, Brian J. and Ambrizzi, Tercio},
journal = {J. Atmos. Sci.},
pages = {1661--1671},
title = {{Rossby Wave Propagation on a Realistic Longitudinally Varying Flow}},
volume = {50},
year = {1993}
}
@article{Li2014,
author = {Li, Li and Zhang, Yaocun},
doi = {10.1175/JCLI-D-14-00021.1},
journal = {J. Clim.},
pages = {6660--6672},
title = {{Effects of Different Configurations of the East Asian Subtropical and Polar Front Jets on Precipitation during the Mei-Yu Season}},
volume = {27},
year = {2014}
}
@article{Du2009,
author = {Du, Yin and Zhang, Yaocun and Xie, Zhiqing},
journal = {Acta Meteorol. Sin.},
pages = {506--516},
title = {{Impacts of the Zonal Position of the East Asian Westerly Jet Core on Precipitation Distribution During Meiyu of China}},
volume = {23},
year = {2009}
}
@incollection{Yeh1959,
author = {Yeh, Tu-Cheng and Dao, Shih-Yen and Li, Mei-Ts'un},
booktitle = {The Atmosphere and the Sea in Motion},
editor = {Bolin, B.},
pages = {249--267},
publisher = {Rockefeller Institute Press},
title = {{The Abrupt Change of Circulation over the Northern Hemisphere during June and October}},
year = {1959}
}
@article{Hahn1975,
author = {Hahn, Douglas G. and Manabe, Syukuro},
journal = {J. Atmos. Sci.},
title = {{The role of mountains in the south Asian monsoon circulation}},
volume = {32},
year = {1975}
}
@article{Yin1949,
author = {Yin, Maung Tun},
journal = {J. Meteorol.},
pages = {393--400},
title = {{Synoptic-aerologic study of the onset of the summer monsoon over India and Burma}},
volume = {6},
year = {1949}
}
@article{Park1997,
author = {Park, Chung-Kyu and Schubert, Siegfried D.},
journal = {J. Clim.},
pages = {1056--1070},
title = {{On the nature of the 1994 East Asian summer drought}},
volume = {10},
year = {1997}
}
@article{Broccoli1992,
author = {Broccoli, A. J. and Manabe, S.},
journal = {J. Clim.},
pages = {1181--1201},
title = {{The Effects of Orography on Midlatitude Northern Hemisphere Dry Climates}},
volume = {5},
year = {1992}
}
@article{Xuan2011,
author = {Xuan, Shouli and Zhang, Qingyun and Sun, Shuqing},
doi = {10.1007/s00376-010-0111-3},
journal = {Adv. Atmos. Sci.},
pages = {387--397},
title = {{Anomalous midsummer rainfall in Yangtze River-Huaihe River valleys and its association with the East Asia westerly jet}},
volume = {28},
year = {2011}
}
@article{Nigam1989,
author = {Nigam, Sumant and Lindzen, Richard S.},
journal = {J. Atmos. Sci.},
pages = {1746--1768},
title = {{The sensitivity of stationary waves to variations in the basic state zonal flow}},
volume = {46},
year = {1989}
}
@article{Park2014a,
author = {Park, Jae-Heung and An, Soon-Il},
doi = {10.1007/s00382-013-2047-7},
journal = {Clim. Dyn.},
pages = {2227--2238},
title = {{The impact of tropical western Pacific convection on the North Pacific atmospheric circulation during the boreal winter}},
volume = {43},
year = {2014}
}
@article{Kajikawa2012,
author = {Kajikawa, Yoshiyuki and Wang, Bin},
doi = {10.1175/JCLI-D-11-00207.1},
journal = {J. Clim.},
pages = {3207--3218},
title = {{Interdecadal Change of the South China Sea Summer Monsoon Onset}},
volume = {25},
year = {2012}
}
@article{Wang2009,
author = {Wang, Bin and Huang, Fei and Wu, Zhiwei and Yang, Jing and Fu, Xiouhua and Kikuchi, Kazuyoshi},
doi = {10.1016/j.dynatmoce.2008.09.004},
journal = {Dyn. Atmos. Ocean.},
pages = {15--37},
title = {{Multi-scale climate variability of the South China Sea monsoon: A review}},
volume = {47},
year = {2009}
}
@article{Gong2002,
author = {Gong, Dao-Yi and Ho, Chang-Hoi},
doi = {10.1029/2001GL014523},
journal = {Geophys. Res. Lett.},
pages = {1436},
title = {{Shift in the summer rainfall over the Yangtze River valley in the late 1970s}},
volume = {29},
year = {2002}
}
@article{Hu1997,
author = {Hu, Zeng-Zhen},
doi = {10.1029/97JD01052},
journal = {J. Geophys. Res.},
pages = {19403},
title = {{Interdecadal variability of summer climate over East Asia and its association with 500 hPa height and global sea surface temperature}},
volume = {102},
year = {1997}
}
@article{Lu2007,
author = {Lu, Jian and Vecchi, Gabriel A. and Reichler, Thomas},
doi = {10.1029/2006GL028443},
journal = {Geophys. Res. Lett.},
pages = {L06805},
title = {{Expansion of the Hadley cell under global warming}},
volume = {34},
year = {2007}
}
@article{Kang2012,
author = {Kang, Sarah M. and Lu, Jian},
doi = {10.1175/JCLI-D-12-00323.1},
journal = {J. Clim.},
pages = {8387--8393},
title = {{Expansion of the Hadley Cell under Global Warming: Winter versus Summer}},
volume = {25},
year = {2012}
}
@article{Kwon2007,
author = {Kwon, MinHo and Jhun, Jong-Ghap and Ha, Kyung-Ja},
doi = {10.1029/2007GL031977},
journal = {Geophys. Res. Lett.},
pages = {L21706},
title = {{Decadal change in east Asian summer monsoon circulation in the mid-1990s}},
volume = {34},
year = {2007}
}
@article{Archer2008,
author = {Archer, Cristina L. and Caldeira, Ken},
doi = {10.1029/2008GL033614},
journal = {Geophys. Res. Lett.},
pages = {L08803},
title = {{Historical trends in the jet streams}},
volume = {35},
year = {2008}
}
@article{Fu2006,
author = {Fu, Qiang and Johanson, CM and Wallace, JM and Reichler, Thomas},
journal = {Science},
pages = {1179},
title = {{Enhanced mid-latitude tropospheric warming in satellite measurements}},
volume = {312},
year = {2006}
}
@incollection{Christensen2011,
address = {Cambridge, United Kingdom and New York, NY, USA},
author = {Christensen, J. H. and {Krishna Kumar}, K. and Aldrian, E. and An, S.-I. and Cavalcanti, I. F. A. and de Castro, M. and Dong, W. and Goswami, P. and Hall, A. and Kanyanga, J. K. and Kitoh, A. and Kossin, J. and Lau, N.-C. and Renwick, J. and Stephenson, D. B. and Xie, S.-P. and Zhou, Tianjun},
booktitle = {Climate Change 2013: The Physical Science Basis. Contribution of Working Group I to the Fifth Assessment Report of the Intergovernmental Panel on Climate Change},
editor = {Stocker, T. F. and Qin, D. and Plattner, G.-K. and Tignor, M. and Allen, S. K. and Boschung, J. and Nauels, A. and Xia, Y. and Bex, V. and Midgley, P. M.},
publisher = {Cambridge University Press},
title = {{Climate Phenomena and their Relevance for Future Regional Climate Change}},
year = {2011}
}
@article{Park2014,
author = {Park, Jae-Heung and An, Soon-Il},
doi = {10.1002/2014GL062175},
journal = {Geophys. Res. Lett.},
volume = {41},
pages = {7861-7867},
title = {{Southward displacement of the upper atmosphere zonal Jet in the eastern north Pacific due to global warming}},
year = {2014}
}
@article{Kosaka2011,
author = {Kosaka, Yu and Xie, Shang-Ping and Nakamura, Hisashi},
doi = {10.1175/2011JCLI4099.1},
journal = {J. Clim.},
pages = {5435--5453},
title = {{Dynamics of Interannual Variability in Summer Precipitation over East Asia}},
volume = {24},
year = {2011}
}
@article{Biasutti2011,
author = {Biasutti, Michela and Yuter, Sandra E. and Burleyson, Casey D. and Sobel, Adam H.},
doi = {10.1007/s00382-011-1146-6},
journal = {Clim. Dyn.},
pages = {239--258},
title = {{Very high resolution rainfall patterns measured by TRMM precipitation radar: seasonal and diurnal cycles}},
volume = {39},
year = {2011}
}
@article{Chen2014,
author = {Chen, Jinqiang and Bordoni, Simona},
doi = {10.1175/JCLI-D-13-00479.1},
journal = {J. Clim.},
pages = {3052--3072},
title = {{Orographic Effects of the Tibetan Plateau on the East Asian Summer Monsoon: An Energetic Perspective}},
volume = {27},
year = {2014}
}
@article{Ding2005,
author = {Ding, Yihui and Chan, Johnny C. L.},
doi = {10.1007/s00703-005-0125-z},
journal = {Meteorol. Atmos. Phys.},
pages = {117--142},
title = {{The East Asian summer monsoon: an overview}},
volume = {89},
year = {2005}
}
@article{Liang1998,
author = {Liang, Xin-Zhong and Wang, Wei-Chyung},
journal = {Q. J. R. Meteorol. Soc.},
pages = {2597--2623},
title = {{Associations between China monsoon rainfall and tropospheric jets}},
volume = {124},
year = {1998}
}
@article{Sampe2010,
author = {Sampe, Takeaki and Xie, Shang-Ping},
doi = {10.1175/2009JCLI3128.1},
journal = {J. Clim.},
pages = {113--134},
title = {{Large-Scale Dynamics of the Meiyu-Baiu Rainband: Environmental Forcing by the Westerly Jet}},
volume = {23},
year = {2010}
}
@article{Yu2007,
author = {Yu, Rucong and Zhou, Tianjun},
doi = {10.1175/2007JCLI1559.1},
journal = {J. Clim.},
pages = {5344--5355},
title = {{Seasonality and Three-Dimensional Structure of Interdecadal Change in the East Asian Monsoon}},
volume = {20},
year = {2007}
}
@article{Nagashima2013,
author = {Nagashima, Kana and Tada, Ryuji and Toyoda, Shin},
doi = {10.1002/2013GC004931},
journal = {Geochemistry, Geophys. Geosystems},
pages = {5041--5053},
title = {{Westerly jet-East Asian summer monsoon connection during the Holocene}},
volume = {14},
year = {2013}
}
@article{Nagashima2011,
author = {Nagashima, Kana and Tada, Ryuji and Tani, Atsushi and Sun, Youbin and Isozaki, Yuko and Toyoda, Shin and Hasegawa, Hitoshi},
doi = {10.1016/j.jseaes.2010.08.010},
journal = {J. Asian Earth Sci.},
pages = {1214--1220},
title = {{Millennial-scale oscillations of the westerly jet path during the last glacial period}},
volume = {40},
year = {2011}
}
@article{Yatagai2012,
author = {Yatagai, Akiyo and Kamiguchi, Kenji and Arakawa, Osamu and Hamada, Atsushi and Yasutomi, Natsuko and Kitoh, Akio},
doi = {10.1175/BAMS-D-11-00122.1},
journal = {Bull. Am. Meteorol. Soc.},
pages = {1401--1415},
title = {{APHRODITE: Constructing a Long-Term Daily Gridded Precipitation Dataset for Asia Based on a Dense Network of Rain Gauges}},
volume = {93},
year = {2012}
}
@article{Yang2002,
author = {Yang, S and Lau, KM and Kim, KM},
journal = {J. Clim.},
pages = {306--325},
title = {{Variations of the East Asian Jet Stream and Asian-ÄìPacific-ÄìAmerican Winter Climate Anomalies.}},
volume = {15},
year = {2002}
}
@article{Schiemann2009,
author = {Schiemann, Reinhard and L\"{u}thi, Daniel and Sch\"{a}r, Christoph},
doi = {10.1175/2008JCLI2625.1},
journal = {J. Clim.},
pages = {2940--2957},
title = {{Seasonality and Interannual Variability of the Westerly Jet in the Tibetan Plateau Region}},
volume = {22},
year = {2009}
}
@article{Shen2014,
author = {Shen, Y and Zhao, P and Pan, Y and Yu, J},
doi = {10.1002/2013JD020686},
journal = {J. Geophys. Res. Atmos.},
title = {{A high spatiotemporal gauge-satellite merged precipitation analysis over China}},
volume = {119},
year = {2014}
}
@article{Zhang1999,
author = {Zhang, Renhe and Sumi, Akimasa and Kimoto, Masahide},
journal = {Adv. Atmos. Sci.},
pages = {229--241},
title = {{A Diagnostic Study of the Impact of El Ni\~{n}o on the Precipitation in China}},
year = {1999},
volume= {16}
}
@article{Yu2004,
author = {Yu, Rucong and Wang, Bin and Zhou, Tianjun},
doi = {10.1029/2004GL021270},
journal = {Geophys. Res. Lett.},
pages = {L22212},
title = {{Tropospheric cooling and summer monsoon weakening trend over East Asia}},
volume = {31},
year = {2004}
}
@article{Zhou2005,
author = {Zhou, Tian-Jun and Yu, Rucong},
doi = {10.1029/2004JD005413},
journal = {J. Geophys. Res.},
pages = {D08104},
title = {{Atmospheric water vapor transport associated with typical anomalous summer rainfall patterns in China}},
volume = {110},
year = {2005}
}
@incollection{Nigam2013,
author = {Nigam, Sumant and Zhao, Yongjing and Zhou, Tianjun},
booktitle = {Climate Change: Multidecadal and Beyond},
editor = {{Michael Ghil, Mojif Latif}, Mike Wallace and C.P. Chan},
publisher = {World Press},
title = {{The south-flood north-drought pattern over Eastern China and the drying of the Gangetic Plain}},
volume = {1},
year = {2013}
}
@article{Molnar2010,
author = {Molnar, Peter and Boos, William R. and Battisti, David S.},
doi = {10.1146/annurev-earth-040809-152456},
journal = {Annu. Rev. Earth Planet. Sci.},
pages = {77--102},
title = {{Orographic Controls on Climate and Paleoclimate of Asia: Thermal and Mechanical Roles for the Tibetan Plateau}},
volume = {38},
year = {2010}
}
@article{Fu2011,
author = {Fu, Qiang and Lin, Pu},
doi = {10.1175/JCLI-D-11-00027.1},
journal = {J. Clim.},
pages = {5597--5603},
title = {{Poleward shift of subtropical jets inferred from satellite-observed lower-stratospheric temperatures}},
volume = {24},
year = {2011}
}

